<?xml version="1.0" encoding="UTF-8" ?>
<collection xmlns:xsi="http://www.w3.org/2001/XMLSchema-instance"
    xsi:schemaLocation="http://www.loc.gov/MARC21/slim
        http://www.loc.gov/standards/marcxml/schema/MARC21slim.xsd"
    xmlns="http://www.loc.gov/MARC21/slim">
<record>
  <leader>00282cam a2200553 i 4500</leader>
  <controlfield tag="001">b12332768</controlfield>
  <controlfield tag="003">LeBAU</controlfield>
  <controlfield tag="005">20131021</controlfield>
  <controlfield tag="008">970202s1952    ua       b    ||0 0 ara d</controlfield>
  <datafield tag="035" ind1=" " ind2=" ">
    <subfield code="a">ocn784207068</subfield>
  </datafield>
  <datafield tag="040" ind1=" " ind2=" ">
    <subfield code="a">LEAUB</subfield>
    <subfield code="b">ara</subfield>
    <subfield code="e">rda</subfield>
    <subfield code="c">LEAUB</subfield>
    <subfield code="d">LEAUB</subfield>
  </datafield>
  <datafield tag="041" ind1="1" ind2=" ">
    <subfield code="a">ara</subfield>
    <subfield code="h">fre</subfield>
  </datafield>
  <datafield tag="082" ind1="0" ind2="4">
    <subfield code="a">194</subfield>
    <subfield code="2">22</subfield>
  </datafield>
  <datafield tag="100" ind1="1" ind2=" ">
    <subfield code="6">880-01</subfield>
    <subfield code="a">Lévy-Bruhl, Lucien,</subfield>
    <subfield code="d">1857-1939,</subfield>
    <subfield code="e">author.</subfield>
  </datafield>
  <datafield tag="240" ind1="1" ind2="0">
    <subfield code="a">Philosophie d'Auguste Comte.</subfield>
    <subfield code="l">Arabic</subfield>
  </datafield>
  <datafield tag="245" ind1="1" ind2="0">
    <subfield code="6">880-02</subfield>
    <subfield code="a">Falsafat Ūjīst Kūnt /</subfield>
    <subfield code="c">ta’līf Līfī Brīl ; naqalahu ilá al-‘Arabīyah wqaddama lahū Duktūr Maḥmūd Qāsim, ustādh al-falsafah al-musā‘id bi-Jāmi‘at Fu’ād al-Awwal, al-Duktūr al-Sayyid Muḥammad Badawī, ustādh ‘ilm al-ijtimā‘ al-musā‘id bi-Jāmi‘at Fārūq al-Awwal.</subfield>
  </datafield>
  <datafield tag="264" ind1=" " ind2="1">
    <subfield code="6">880-03</subfield>
    <subfield code="a">[Miṣr] :</subfield>
    <subfield code="b">Maktabat al-Anjlū al-Miṣrīyah,</subfield>
    <subfield code="c">1371 [H.] = 1952 [H.]</subfield>
  </datafield>
  <datafield tag="300" ind1=" " ind2=" ">
    <subfield code="6">880-04</subfield>
    <subfield code="a">[a]-‘a, 361 pages ;</subfield>
    <subfield code="c">24 cm.</subfield>
  </datafield>
  <datafield tag="336" ind1=" " ind2=" ">
    <subfield code="a">text</subfield>
    <subfield code="b">txt</subfield>
    <subfield code="2">rdacontent</subfield>
  </datafield>
  <datafield tag="337" ind1=" " ind2=" ">
    <subfield code="a">unmediated</subfield>
    <subfield code="b">n</subfield>
    <subfield code="2">rdamedia</subfield>
  </datafield>
  <datafield tag="338" ind1=" " ind2=" ">
    <subfield code="a">volume</subfield>
    <subfield code="b">nc</subfield>
    <subfield code="2">rdacarrier</subfield>
  </datafield>
  <datafield tag="490" ind1="1" ind2=" ">
    <subfield code="6">880-05</subfield>
    <subfield code="a">al-Maṣādir al-asāsīyah fī ‘ilm al-ijtimā‘</subfield>
  </datafield>
  <datafield tag="500" ind1=" " ind2=" ">
    <subfield code="a">"المصادر الأساسية في علم الاجتماع، يشرف على إصدارها الدكتور محمود قاسم، أستاذ الفلسفة المساعد بجامعة فؤاد الأول."--صفحة العنوان.</subfield>
  </datafield>
  <datafield tag="500" ind1=" " ind2=" ">
    <subfield code="a">ترجمة كتاب: La philosophie d'Auguste Comte.</subfield>
  </datafield>
  <datafield tag="504" ind1=" " ind2=" ">
    <subfield code="a">يتضمن مراجع ببليوغرافية.</subfield>
  </datafield>
  <datafield tag="600" ind1="1" ind2="4">
    <subfield code="a">كومت، أوغست،</subfield>
    <subfield code="d">1798-1857</subfield>
    <subfield code="x">نقد وتأويل.</subfield>
  </datafield>
  <datafield tag="600" ind1="1" ind2="0">
    <subfield code="a">Comte, Auguste,</subfield>
    <subfield code="d">1798-1857</subfield>
    <subfield code="x">Criticism and interpretation.</subfield>
  </datafield>
  <datafield tag="650" ind1=" " ind2="4">
    <subfield code="a">علم الاجتماع</subfield>
    <subfield code="x">فلسفة.</subfield>
  </datafield>
  <datafield tag="650" ind1=" " ind2="0">
    <subfield code="a">Sociology</subfield>
    <subfield code="x">Philosophy.</subfield>
  </datafield>
  <datafield tag="700" ind1="1" ind2=" ">
    <subfield code="6">880-06</subfield>
    <subfield code="a">Qāsim, Maḥmūd,</subfield>
    <subfield code="d">1913-1973,</subfield>
    <subfield code="e">translator.</subfield>
  </datafield>
  <datafield tag="700" ind1="1" ind2=" ">
    <subfield code="6">880-07</subfield>
    <subfield code="a">Qāsim, Maḥmūd,</subfield>
    <subfield code="d">1913-1973,</subfield>
    <subfield code="e">author of introduction.</subfield>
  </datafield>
  <datafield tag="700" ind1="1" ind2=" ">
    <subfield code="6">880-08</subfield>
    <subfield code="a">Badawī, al-Sayyid Muḥammad,</subfield>
    <subfield code="e">translator.</subfield>
  </datafield>
  <datafield tag="700" ind1="1" ind2=" ">
    <subfield code="6">880-09</subfield>
    <subfield code="a">Badawī, al-Sayyid Muḥammad,</subfield>
    <subfield code="e">author of introduction.</subfield>
  </datafield>
  <datafield tag="830" ind1=" " ind2="0">
    <subfield code="6">880-10</subfield>
    <subfield code="a">al-Maṣādir al-asāsīyah fī ‘ilm al-ijtimā‘.</subfield>
  </datafield>
  <datafield tag="852" ind1=" " ind2=" ">
    <subfield code="a">Jafet Library</subfield>
    <subfield code="e">American University of Beirut, Bliss Street , Beirut, Lebanon.</subfield>
  </datafield>
  <datafield tag="880" ind1="1" ind2=" ">
    <subfield code="6">100-01/(3/r</subfield>
    <subfield code="a">ليفي-بريل، لوسيان،</subfield>
    <subfield code="d">1857-1939،</subfield>
    <subfield code="e">مؤلف. </subfield>
    <subfield code="4">aut.</subfield>
  </datafield>
  <datafield tag="880" ind1="1" ind2="0">
    <subfield code="6">245-02/(3/r</subfield>
    <subfield code="a">فلسفة أوجيست كونت /</subfield>
    <subfield code="c">تأليف ليفي بريل ؛ نقله إلى العربية وقدم له دكتور محمود قاسم، أستاذ الفلسفة المساعد بجامعة فؤاد الأول، الدكتور السيد محمد بدوي، أستاذ علم الإجتماع المساعد بجامعة فاروق الأول.</subfield>
  </datafield>
  <datafield tag="880" ind1=" " ind2="1">
    <subfield code="6">264-03/(3/r</subfield>
    <subfield code="a">[مصر] :</subfield>
    <subfield code="b">مكتبة الأنجلو المصرية،</subfield>
    <subfield code="c">1371 [هـ.] = 1952 [م.]</subfield>
  </datafield>
  <datafield tag="880" ind1=" " ind2=" ">
    <subfield code="6">300-04/(3/r</subfield>
    <subfield code="a">[ا]-ع ، 361 صفحة ؛</subfield>
    <subfield code="c">24 سم.</subfield>
  </datafield>
  <datafield tag="880" ind1="1" ind2=" ">
    <subfield code="6">490-05/(3/r</subfield>
    <subfield code="a">المصادر الأساسية في علم الاجتماع</subfield>
  </datafield>
  <datafield tag="880" ind1="1" ind2=" ">
    <subfield code="6">700-06/(3/r</subfield>
    <subfield code="a">قاسم، محمود،</subfield>
    <subfield code="d">1913-1973،</subfield>
    <subfield code="e">مترجم. </subfield>
    <subfield code="4">trl.</subfield>
  </datafield>
  <datafield tag="880" ind1="1" ind2=" ">
    <subfield code="6">700-07/(3/r</subfield>
    <subfield code="a">قاسم، محمود،</subfield>
    <subfield code="d">1913-1973،</subfield>
    <subfield code="e">مؤلف مقدمة. </subfield>
    <subfield code="4">aui.</subfield>
  </datafield>
  <datafield tag="880" ind1="1" ind2=" ">
    <subfield code="6">700-08/(3/r</subfield>
    <subfield code="a">بدوي، السيد محمد،</subfield>
    <subfield code="e">مترجم. </subfield>
    <subfield code="4">trl.</subfield>
  </datafield>
  <datafield tag="880" ind1="1" ind2=" ">
    <subfield code="6">700-09/(3/r</subfield>
    <subfield code="a">بدوي، السيد محمد،</subfield>
    <subfield code="e">مؤلف مقدمة. </subfield>
    <subfield code="4">aui.</subfield>
  </datafield>
  <datafield tag="880" ind1=" " ind2="0">
    <subfield code="6">830-10/(3/r</subfield>
    <subfield code="a">المصادر الأساسية في علم الاجتماع.</subfield>
  </datafield>
  <datafield tag="907" ind1=" " ind2=" ">
    <subfield code="a">.b12332768</subfield>
    <subfield code="b">16-09-15</subfield>
    <subfield code="c">11-05-24</subfield>
  </datafield>
  <datafield tag="907" ind1=" " ind2=" ">
    <subfield code="a">.b12332768</subfield>
    <subfield code="b">15-10-15</subfield>
    <subfield code="c">11-05-24</subfield>
  </datafield>
  <datafield tag="945" ind1=" " ind2=" ">
    <subfield code="f">J</subfield>
    <subfield code="a">194:C741YLA:c.1</subfield>
    <subfield code="g">1</subfield>
    <subfield code="i">01003175</subfield>
    <subfield code="j">.i12765211</subfield>
    <subfield code="l">u0503</subfield>
  </datafield>
  <datafield tag="998" ind1=" " ind2=" ">
    <subfield code="a">u05</subfield>
    <subfield code="b">97-02-02</subfield>
    <subfield code="c">m</subfield>
    <subfield code="d">a</subfield>
    <subfield code="e">-</subfield>
    <subfield code="f">ara</subfield>
    <subfield code="g">ua </subfield>
    <subfield code="h">0</subfield>
    <subfield code="i">1</subfield>
  </datafield>
</record>
</collection>
